<collection xmlns:xsi="http://www.w3.org/2001/XMLSchema-instance" xmlns="http://www.loc.gov/MARC21/slim" xsi:schemaLocation="http://www.loc.gov/MARC21/slim http://www.loc.gov/standards/marcxml/schema/MARC21slim.xsd">

<record>
  <leader>13376ckdaa2201165 a 4500</leader>
  <controlfield tag="001">3462446</controlfield>
  <controlfield tag="005">20100226103450.0</controlfield>
  <controlfield tag="008">890613s1913    xx ||| |||||||   1k|eng d</controlfield>
  <datafield tag="035" ind1=" " ind2=" ">
    <subfield code="a">(OCoLC)81726002</subfield>
  </datafield>
  <datafield tag="035" ind1=" " ind2=" ">
    <subfield code="a">(OCoLC)ocm81726002</subfield>
  </datafield>
  <datafield tag="035" ind1=" " ind2=" ">
    <subfield code="a">(CStRLIN)NYDA89-F696</subfield>
  </datafield>
  <datafield tag="035" ind1=" " ind2=" ">
    <subfield code="9">AAA2917AD</subfield>
  </datafield>
  <datafield tag="035" ind1=" " ind2=" ">
    <subfield code="a">(NNC)3462446</subfield>
  </datafield>
  <datafield tag="040" ind1=" " ind2=" ">
    <subfield code="a">NNC</subfield>
    <subfield code="c">NNC</subfield>
    <subfield code="e">gihc</subfield>
  </datafield>
  <datafield tag="043" ind1=" " ind2=" ">
    <subfield code="a">n-us-ca</subfield>
  </datafield>
  <datafield tag="110" ind1="2" ind2=" ">
    <subfield code="a">Greene &amp; Greene.</subfield>
  </datafield>
  <datafield tag="240" ind1="1" ind2="0">
    <subfield code="a">William M. Ladd house (Nordhoff, Calif.)</subfield>
  </datafield>
  <datafield tag="245" ind1="1" ind2="0">
    <subfield code="a">Residence for Wm. M. Ladd Esq. at Nordhoff, Cal.</subfield>
    <subfield code="h">[graphic] /</subfield>
    <subfield code="c">Greene &amp; Greene, Arch'ts.</subfield>
  </datafield>
  <datafield tag="260" ind1=" " ind2=" ">
    <subfield code="c">[1913]</subfield>
  </datafield>
  <datafield tag="300" ind1=" " ind2=" ">
    <subfield code="a">53 sheets :</subfield>
    <subfield code="b">various media ;</subfield>
    <subfield code="c">71.5 x 79.6 cm. (28 1/4 x 31 3/8 in.) or smaller.</subfield>
  </datafield>
  <datafield tag="500" ind1=" " ind2=" ">
    <subfield code="a">Scale varies.</subfield>
  </datafield>
  <datafield tag="500" ind1=" " ind2=" ">
    <subfield code="a">Bracketed title elements supplied by cataloger or taken from inventory.</subfield>
  </datafield>
  <datafield tag="500" ind1=" " ind2=" ">
    <subfield code="a">Forms part of the Greene &amp; Greene collection of architectural drawings ; job no. 309.</subfield>
  </datafield>
  <datafield tag="500" ind1=" " ind2=" ">
    <subfield code="a">Date from inventory.</subfield>
  </datafield>
  <datafield tag="500" ind1=" " ind2=" ">
    <subfield code="a">This set consists of 24 pencil draiwngs on tracing paper, 12 pencil and crayon drawings on tracing paper, 7 blueprints on paper, 3 pencil drawings on paper, 2 blueprints with pencil markings on paper, 2 blueprints with crayon and pencil markings on paper, 1 pencil drawing on tracing paper with ink wash applied to the verso, 1 ink drawing on cloth with ink wash applied to the verso, 1 pencil and colored pencil drawing on tracing paper, and 1 pencil drawing on tracing paper with crayon applied to the verso.</subfield>
  </datafield>
  <datafield tag="561" ind1=" " ind2=" ">
    <subfield code="a">Gift of Jean Murray Bangs (Mrs. Harwell Hamilton Harris), 1960; formerly the collection of Charles Sumner Greene.</subfield>
  </datafield>
  <datafield tag="650" ind1=" " ind2="7">
    <subfield code="a">House.</subfield>
    <subfield code="2">aat</subfield>
  </datafield>
  <datafield tag="655" ind1=" " ind2="7">
    <subfield code="a">Detail drawings.</subfield>
    <subfield code="2">aat</subfield>
  </datafield>
  <datafield tag="655" ind1=" " ind2="7">
    <subfield code="a">Sketches.</subfield>
    <subfield code="2">aat</subfield>
  </datafield>
  <datafield tag="655" ind1=" " ind2="7">
    <subfield code="a">Preliminary drawings.</subfield>
    <subfield code="2">aat</subfield>
  </datafield>
  <datafield tag="655" ind1=" " ind2="7">
    <subfield code="a">Architectural drawings</subfield>
    <subfield code="x">American.</subfield>
    <subfield code="2">aat</subfield>
  </datafield>
  <datafield tag="655" ind1=" " ind2="7">
    <subfield code="a">Orthographic drawings.</subfield>
    <subfield code="2">aat</subfield>
  </datafield>
  <datafield tag="691" ind1=" " ind2="0">
    <subfield code="a">Nordhoff (Calif.)</subfield>
  </datafield>
  <datafield tag="650" ind1=" " ind2="0">
    <subfield code="a">Architecture</subfield>
    <subfield code="z">United States</subfield>
    <subfield code="v">Designs and plans.</subfield>
  </datafield>
  <datafield tag="697" ind1="2" ind2="4">
    <subfield code="a">William M. Ladd house (Nordhoff, Calif.)</subfield>
  </datafield>
  <datafield tag="700" ind1="1" ind2=" ">
    <subfield code="a">Greene, Charles Sumner,</subfield>
    <subfield code="d">1868-1957.</subfield>
  </datafield>
  <datafield tag="700" ind1="1" ind2=" ">
    <subfield code="a">Greene, Henry Mather,</subfield>
    <subfield code="d">1870-1954.</subfield>
  </datafield>
  <datafield tag="700" ind1="1" ind2=" ">
    <subfield code="a">Ladd, William M.</subfield>
  </datafield>
  <datafield tag="755" ind1=" " ind2=" ">
    <subfield code="a">Pencil drawings.</subfield>
    <subfield code="2">aat</subfield>
  </datafield>
  <datafield tag="755" ind1=" " ind2=" ">
    <subfield code="a">Blueprints.</subfield>
    <subfield code="2">aat</subfield>
  </datafield>
  <datafield tag="755" ind1=" " ind2=" ">
    <subfield code="a">Crayon drawings.</subfield>
    <subfield code="2">aat</subfield>
  </datafield>
  <datafield tag="755" ind1=" " ind2=" ">
    <subfield code="a">Ink drawings.</subfield>
    <subfield code="2">aat</subfield>
  </datafield>
  <datafield tag="755" ind1=" " ind2=" ">
    <subfield code="a">Ink wash drawings.</subfield>
    <subfield code="2">aat</subfield>
  </datafield>
  <datafield tag="755" ind1=" " ind2=" ">
    <subfield code="a">Colored pencil drawings.</subfield>
    <subfield code="2">aat</subfield>
  </datafield>
  <datafield tag="799" ind1="4" ind2="3">
    <subfield code="a">The Greene &amp; Greene collection of architectural drawings.</subfield>
  </datafield>
  <datafield tag="789" ind1="0" ind2=" ">
    <subfield code="1">[1]</subfield>
    <subfield code="i">NYDA.1960.001.02281.</subfield>
    <subfield code="v">[AVERYimage].</subfield>
    <subfield code="t">Foundation plan ; detail of cellar stairs ; section "A-A" ; view of opening in cellar wall (as at "B" on plan) ; detail of bedroom chimney :</subfield>
    <subfield code="n">Sheet no. 1.</subfield>
  </datafield>
  <datafield tag="789" ind1="0" ind2=" ">
    <subfield code="1">[2]</subfield>
    <subfield code="i">NYDA.1960.001.02282R.</subfield>
    <subfield code="v">[AVERYimage].</subfield>
    <subfield code="t">Foundation plan ; detail of cellar stairs ; section "A-A" ; view of opening in cellar wall (as at "B" on plan) ; detail of bedroom chimney :</subfield>
    <subfield code="n">Sheet no. 1.</subfield>
  </datafield>
  <datafield tag="789" ind1="0" ind2=" ">
    <subfield code="1">[3]</subfield>
    <subfield code="i">NYDA.1960.001.02282V.</subfield>
    <subfield code="v">[AVERYimage].</subfield>
    <subfield code="t">[Unidentified rough sketch]</subfield>
  </datafield>
  <datafield tag="789" ind1="0" ind2=" ">
    <subfield code="1">[4]</subfield>
    <subfield code="i">NYDA.1960.001.02283.</subfield>
    <subfield code="v">[AVERYimage].</subfield>
    <subfield code="t">Foundation plan ; detail of cellar stairs :</subfield>
    <subfield code="n">Sheet no. 1.</subfield>
  </datafield>
  <datafield tag="789" ind1="0" ind2=" ">
    <subfield code="1">[5]</subfield>
    <subfield code="i">NYDA.1960.001.02284.</subfield>
    <subfield code="v">[AVERYimage].</subfield>
    <subfield code="t">Foundation plan ; detail of cellar stairs ;</subfield>
    <subfield code="n">Sheet no. 1.</subfield>
  </datafield>
  <datafield tag="789" ind1="0" ind2=" ">
    <subfield code="1">[6]</subfield>
    <subfield code="i">NYDA.1960.001.02285.</subfield>
    <subfield code="v">[AVERYimage].</subfield>
    <subfield code="t">[Section through cellar stairs ; section through overhanging eve ; unidentified detail]</subfield>
  </datafield>
  <datafield tag="789" ind1="0" ind2=" ">
    <subfield code="1">[7]</subfield>
    <subfield code="i">NYDA.1960.001.02286.</subfield>
    <subfield code="v">[AVERYimage].</subfield>
    <subfield code="t">First floor plan ; second floor plan ; plan of living r'm fireplace ; plan of dining room fireplace ; plan of bedroom fireplace and stairway ; plan of fireplace in bedroom no. 1 ; [elevation of] passage (looking west) ; detail of upper part of stairway looking north ; [elevation of] passage (looking south) ;</subfield>
    <subfield code="n">Sheet no. 2.</subfield>
    <subfield code="o">"Note -- all doors on first floor unless otherwise marked to be 6'-10" high. "S" on plans shows location of screens on doors and sash".</subfield>
    <subfield code="o">"Note -- all doors on second floor unless otherwise marked to be 6'-6" high".</subfield>
  </datafield>
  <datafield tag="789" ind1="0" ind2=" ">
    <subfield code="1">[8]</subfield>
    <subfield code="i">NYDA.1960.001.02287.</subfield>
    <subfield code="v">[AVERYimage].</subfield>
    <subfield code="t">First floor plan ; second floor plan ; plan of stairway ; [elevation of] passage (looking west) ; detail of upper part of stairway looking north ; [elevation of] passage (looking south) :</subfield>
    <subfield code="n">Sheet no. 2.</subfield>
    <subfield code="o">"Note -- all figures revised, see cloth tracing -- L.W.C.".</subfield>
  </datafield>
  <datafield tag="789" ind1="0" ind2=" ">
    <subfield code="1">[9]</subfield>
    <subfield code="i">NYDA.1960.001.02288.</subfield>
    <subfield code="v">[AVERYimage].</subfield>
    <subfield code="t">First floor plan ; second floor plan ; plan of stairway ; [elevation of] passage (looking west) ; detail of upper part of stairway looking north ; [elevation of] passage (looking south) :</subfield>
    <subfield code="n">Sheet no. 2.</subfield>
  </datafield>
  <datafield tag="789" ind1="0" ind2=" ">
    <subfield code="1">[10]</subfield>
    <subfield code="i">NYDA.1960.001.02289.</subfield>
    <subfield code="v">[AVERYimage].</subfield>
    <subfield code="t">First floor plan ; second floor plan ; plan of living r'm fireplace ; plan of dining room fireplace ; plan of bedroom fireplace and stairway ; plan of fireplace in bedroom no. 1 ; [elevation of] passage (looking west) detail of upper part of stairway looking north ; [elevation of] passage (looking south) :</subfield>
    <subfield code="n">Sheet no. 2.</subfield>
  </datafield>
  <datafield tag="789" ind1="0" ind2=" ">
    <subfield code="1">[11]</subfield>
    <subfield code="i">NYDA.1960.001.02290.</subfield>
    <subfield code="v">[AVERYimage].</subfield>
    <subfield code="t">Sketch of residence -- first floor plan ; [sketch of] rough stone wall to be built later.</subfield>
  </datafield>
  <datafield tag="789" ind1="0" ind2=" ">
    <subfield code="1">[12]</subfield>
    <subfield code="i">NYDA.1960.001.02291.</subfield>
    <subfield code="v">[AVERYimage].</subfield>
    <subfield code="t">Sketch of residence -- first floor plan ; [sketch of] rough stone wall to be built later.</subfield>
    <subfield code="o">"Scheme #1".</subfield>
  </datafield>
  <datafield tag="789" ind1="0" ind2=" ">
    <subfield code="1">[13]</subfield>
    <subfield code="i">NYDA.1960.001.02292.</subfield>
    <subfield code="v">[AVERYimage].</subfield>
    <subfield code="t">Sketch of residence -- first floor plan [with] outline of terrace wall.</subfield>
    <subfield code="o">"Scheme no. 2".</subfield>
  </datafield>
  <datafield tag="789" ind1="0" ind2=" ">
    <subfield code="1">[14]</subfield>
    <subfield code="i">NYDA.1960.001.02293.</subfield>
    <subfield code="v">[AVERYimage].</subfield>
    <subfield code="t">Sketch of residence -- first floor plan [with] outline of terrace wall.</subfield>
    <subfield code="o">"Scheme no. 2".</subfield>
  </datafield>
  <datafield tag="789" ind1="0" ind2=" ">
    <subfield code="1">[15]</subfield>
    <subfield code="i">NYDA.1960.001.02294.</subfield>
    <subfield code="v">[AVERYimage].</subfield>
    <subfield code="t">[Sketch of first floor plan].</subfield>
    <subfield code="o">Encapsulated in mylar.</subfield>
  </datafield>
  <datafield tag="789" ind1="0" ind2=" ">
    <subfield code="1">[16]</subfield>
    <subfield code="i">NYDA.1960.001.02295.</subfield>
    <subfield code="v">[AVERYimage].</subfield>
    <subfield code="t">[Sketch of plan showing] suggested scheme for bed[room] #2.</subfield>
  </datafield>
  <datafield tag="789" ind1="0" ind2=" ">
    <subfield code="1">[17]</subfield>
    <subfield code="i">NYDA.1960.001.02296.</subfield>
    <subfield code="v">[AVERYimage].</subfield>
    <subfield code="t">[Unidentified rough sketch].</subfield>
    <subfield code="o">Encapsulated in mylar.</subfield>
    <subfield code="o">Drawing done on end paper for roll of drawings.</subfield>
  </datafield>
  <datafield tag="789" ind1="0" ind2=" ">
    <subfield code="1">[18]</subfield>
    <subfield code="i">NYDA.1960.001.02297.</subfield>
    <subfield code="v">[AVERYimage].</subfield>
    <subfield code="t">[Plan of house]</subfield>
  </datafield>
  <datafield tag="789" ind1="0" ind2=" ">
    <subfield code="1">[19]</subfield>
    <subfield code="i">NYDA.1960.001.02298.</subfield>
    <subfield code="v">[AVERYimage].</subfield>
    <subfield code="t">Diagram [showing dimensions on plan]</subfield>
  </datafield>
  <datafield tag="789" ind1="0" ind2=" ">
    <subfield code="1">[20]</subfield>
    <subfield code="i">NYDA.1960.001.02299.</subfield>
    <subfield code="v">[AVERYimage].</subfield>
    <subfield code="t">Sketch of residence -- second floor plan.</subfield>
  </datafield>
  <datafield tag="789" ind1="0" ind2=" ">
    <subfield code="1">[21]</subfield>
    <subfield code="i">NYDA.1960.001.02300.</subfield>
    <subfield code="v">[AVERYimage].</subfield>
    <subfield code="t">Sketch 0f residence -- second floor plan.</subfield>
    <subfield code="o">:Scheme #1".</subfield>
  </datafield>
  <datafield tag="789" ind1="0" ind2=" ">
    <subfield code="1">[22]</subfield>
    <subfield code="i">NYDA.1960.001.02301.</subfield>
    <subfield code="v">[AVERYimage].</subfield>
    <subfield code="t">Sketch of residence -- second flloor plan.</subfield>
    <subfield code="o">"Scheme no. 2".</subfield>
  </datafield>
  <datafield tag="789" ind1="0" ind2=" ">
    <subfield code="1">[23]</subfield>
    <subfield code="i">NYDA.1960.001.02302.</subfield>
    <subfield code="v">[AVERYimage].</subfield>
    <subfield code="t">[Sketches of second floor plan and east elevation]</subfield>
  </datafield>
  <datafield tag="789" ind1="0" ind2=" ">
    <subfield code="1">[24]</subfield>
    <subfield code="i">NYDA.1960.001.02303.</subfield>
    <subfield code="v">[AVERYimage].</subfield>
    <subfield code="t">East elevation, north [elevation], west elevation, south [elevation] :</subfield>
    <subfield code="n">Sheet no. 3.</subfield>
  </datafield>
  <datafield tag="789" ind1="0" ind2=" ">
    <subfield code="1">[25]</subfield>
    <subfield code="i">NYDA.1960.001.02304.</subfield>
    <subfield code="v">[AVERYimage].</subfield>
    <subfield code="t">East elevation, north [elevation], west elevation, south [elevation] :</subfield>
    <subfield code="n">Sheet no. 3.</subfield>
  </datafield>
  <datafield tag="789" ind1="0" ind2=" ">
    <subfield code="1">[26]</subfield>
    <subfield code="i">NYDA.1960.001.02305.</subfield>
    <subfield code="v">[AVERYimage].</subfield>
    <subfield code="t">East elevation, north [elevation], west elevation, south [elevation] :</subfield>
    <subfield code="n">Sheet no. 3.</subfield>
  </datafield>
  <datafield tag="789" ind1="0" ind2=" ">
    <subfield code="1">[27]</subfield>
    <subfield code="i">NYDA.1960.001.02306.</subfield>
    <subfield code="v">[AVERYimage].</subfield>
    <subfield code="t">Sketch of residence -- east elevation.</subfield>
  </datafield>
  <datafield tag="789" ind1="0" ind2=" ">
    <subfield code="1">[28]</subfield>
    <subfield code="i">NYDA.1960.001.02307.</subfield>
    <subfield code="v">[AVERYimage].</subfield>
    <subfield code="t">Sketch of residence -- east elevation.</subfield>
    <subfield code="o">"Scheme no. 2".</subfield>
  </datafield>
  <datafield tag="789" ind1="0" ind2=" ">
    <subfield code="1">[29]</subfield>
    <subfield code="i">NYDA.1960.001.02308.</subfield>
    <subfield code="v">[AVERYimage].</subfield>
    <subfield code="t">Sketch of residence -- west elevation.</subfield>
  </datafield>
  <datafield tag="789" ind1="0" ind2=" ">
    <subfield code="1">[30]</subfield>
    <subfield code="i">NYDA.1960.001.02309.</subfield>
    <subfield code="v">[AVERYimage].</subfield>
    <subfield code="t">Sketch of residence -- west elevation.</subfield>
    <subfield code="o">"Scheme no. 2".</subfield>
  </datafield>
  <datafield tag="789" ind1="0" ind2=" ">
    <subfield code="1">[31]</subfield>
    <subfield code="i">NYDA.1960.001.02310.</subfield>
    <subfield code="v">[AVERYimage].</subfield>
    <subfield code="t">Sketch of residence -- north elevation.</subfield>
  </datafield>
  <datafield tag="789" ind1="0" ind2=" ">
    <subfield code="1">[32]</subfield>
    <subfield code="i">NYDA.1960.001.02311.</subfield>
    <subfield code="v">[AVERYimage].</subfield>
    <subfield code="t">Sketch of residence -- north elevation.</subfield>
    <subfield code="o">"Scheme 2".</subfield>
  </datafield>
  <datafield tag="789" ind1="0" ind2=" ">
    <subfield code="1">[33]</subfield>
    <subfield code="i">NYDA.1960.001.02312.</subfield>
    <subfield code="v">[AVERYimage].</subfield>
    <subfield code="t">Sketch of residence -- south elevation.</subfield>
  </datafield>
  <datafield tag="789" ind1="0" ind2=" ">
    <subfield code="1">[34]</subfield>
    <subfield code="i">NYDA.1960.001.02313.</subfield>
    <subfield code="v">[AVERYimage].</subfield>
    <subfield code="t">Sketch of residence -- south elevation.</subfield>
    <subfield code="o">"Scheme no. 2".</subfield>
  </datafield>
  <datafield tag="789" ind1="0" ind2=" ">
    <subfield code="1">[35]</subfield>
    <subfield code="i">NYDA.1960.001.02314.</subfield>
    <subfield code="v">[AVERYimage].</subfield>
    <subfield code="t">Interior elevations -- north, east, south [and] west side[s of] living room ; north [and] west side[s of] dining room ; west side [of kitchen], north side [of] kitchen and screened p[or]ch, west side [of] screened porch ; north, west [and] south side[s of] bedroom no. 2 ; north, east [and] south side[s of] bedroom no. 1 ; detail[s] of doors and sash :</subfield>
    <subfield code="n">Sheet no. 4.</subfield>
  </datafield>
  <datafield tag="789" ind1="0" ind2=" ">
    <subfield code="1">[36]</subfield>
    <subfield code="i">NYDA.1960.001.02315.</subfield>
    <subfield code="v">[AVERYimage].</subfield>
    <subfield code="t">Interior elevations -- north, east, south [and] west side[s of] living room ; north [and] west side[s of] dining room ; west side [of kitchen], north side [of] kitchen and screened p[or]ch, west side [of] screened porch ; north, west [and] south side[s of] bedroom no. 2 ; north, east [and] south side[s of] bedroom no. 1 ; detail[s] of doors and sash :</subfield>
    <subfield code="n">Sheet no. 4.</subfield>
  </datafield>
  <datafield tag="789" ind1="0" ind2=" ">
    <subfield code="1">[37]</subfield>
    <subfield code="i">NYDA.1960.001.02316.</subfield>
    <subfield code="v">[AVERYimage].</subfield>
    <subfield code="t">Interior elevations -- north, east, south [and] west side[s of] living room ; north [and] west side[s of] dining room ; west side [of kitchen], north side [of] kitchen and screened p[or]ch, west side [of] screened porch ; north, west [and] south side[s of] bedroom no. 2 ; north, east [and] south side[s of] bedroom no. 1 ; detail[s] of doors and sash :</subfield>
    <subfield code="n">Sheet no. 4.</subfield>
  </datafield>
  <datafield tag="789" ind1="0" ind2=" ">
    <subfield code="1">[38]</subfield>
    <subfield code="i">NYDA.1960.001.02317.</subfield>
    <subfield code="v">[AVERYimage].</subfield>
    <subfield code="t">[Details in elevations of] sash, interior doors (G.P.), front door, int[erior] doors (wood panel) ; [unidentified rough detail sketch]</subfield>
  </datafield>
  <datafield tag="789" ind1="0" ind2=" ">
    <subfield code="1">[39]</subfield>
    <subfield code="i">NYDA.1960.001.02318.</subfield>
    <subfield code="v">[AVERYimage].</subfield>
    <subfield code="t">[Rough sketch of door]</subfield>
  </datafield>
  <datafield tag="789" ind1="0" ind2=" ">
    <subfield code="1">[40]</subfield>
    <subfield code="i">NYDA.1960.001.02319.</subfield>
    <subfield code="v">[AVERYimage].</subfield>
    <subfield code="t">[Rough sketch of door]</subfield>
  </datafield>
  <datafield tag="789" ind1="0" ind2=" ">
    <subfield code="1">[41]</subfield>
    <subfield code="i">NYDA.1960.001.02320.</subfield>
    <subfield code="v">[AVERYimage].</subfield>
    <subfield code="t">[Rough sketch of door]</subfield>
  </datafield>
  <datafield tag="789" ind1="0" ind2=" ">
    <subfield code="1">[42]</subfield>
    <subfield code="i">NYDA.1960.001.02321.</subfield>
    <subfield code="v">[AVERYimage].</subfield>
    <subfield code="t">Sketch of residence -- interior elevations of living room -- south, west, north, east.</subfield>
  </datafield>
  <datafield tag="789" ind1="0" ind2=" ">
    <subfield code="1">[43]</subfield>
    <subfield code="i">NYDA.1960.001.02322.</subfield>
    <subfield code="v">[AVERYimage].</subfield>
    <subfield code="t">Sketch of residence -- interior elevations [of] living room -- south, west, north, east.</subfield>
    <subfield code="o">"Scheme #1'.</subfield>
  </datafield>
  <datafield tag="789" ind1="0" ind2=" ">
    <subfield code="1">[44]</subfield>
    <subfield code="i">NYDA.1960.001.02323.</subfield>
    <subfield code="v">[AVERYimage].</subfield>
    <subfield code="t">Construction details -- screened porch frames, horizontal mullion, elev. of vent, main exterior doors, typical section thru main wall, half section of beams in living room, section [and] half elevation of typical gable, shake ridge [in] section [and] elevation, corner window frames, living rm. frames, bracket and roof projection at living rm. entrance, interior screen porch (looking south), interior screen porch (looking north), section thru roof over east terrace at LC [with] section A-B :</subfield>
    <subfield code="n">Sheet no. 5.</subfield>
  </datafield>
  <datafield tag="789" ind1="0" ind2=" ">
    <subfield code="1">[45]</subfield>
    <subfield code="i">NYDA.1960.001.02324.</subfield>
    <subfield code="v">[AVERYimage].</subfield>
    <subfield code="t">Construction details -- screened porch frames, horizontal mullion, elev. of vent, main exterior doors, typical section thru main wall, section [and] half elevation of typical gable, corner window frames, living rm. frames, bracket and roof projection at living rm. entrance, interior screen porch (looking south), interior screen porch (looking nirth), section thru roof over east terrace at LC [with] section A-B :</subfield>
    <subfield code="n">Sheet no. 5.</subfield>
  </datafield>
  <datafield tag="789" ind1="0" ind2=" ">
    <subfield code="1">[46]</subfield>
    <subfield code="i">NYDA.1960.001.02325.</subfield>
    <subfield code="v">[AVERYimage].</subfield>
    <subfield code="t">Construction details -- screened porch frames, horizontal million, elev. of vent, main exterior doors, typical section thru main wall, half section of beams in living room, section [and] half elevation of typical gable, shake ridge [in] section [and] elevation, corner window frames, living rm. entrance, interior screen porch (looking south), interior screen porch (looking north), section thru roof over east terrace at LC [with] section A-B :</subfield>
    <subfield code="n">Sheet no. 5.</subfield>
  </datafield>
  <datafield tag="789" ind1="0" ind2=" ">
    <subfield code="1">[47]</subfield>
    <subfield code="i">NYDA.1960.001.02326.</subfield>
    <subfield code="v">[AVERYimage].</subfield>
    <subfield code="t">[Section through roof over east terrace]</subfield>
  </datafield>
  <datafield tag="789" ind1="0" ind2=" ">
    <subfield code="1">[48]</subfield>
    <subfield code="i">NYDA.1960.001.02327.</subfield>
    <subfield code="v">[AVERYimage].</subfield>
    <subfield code="t">[Unidentified construction details]</subfield>
  </datafield>
  <datafield tag="789" ind1="0" ind2=" ">
    <subfield code="1">[49]</subfield>
    <subfield code="i">NYDA.1960.001.02328.</subfield>
    <subfield code="v">[AVERYimage].</subfield>
    <subfield code="t">F[ull] s[ize] d[etails] of casement sash, F.S. screened pc̀h door details :</subfield>
    <subfield code="n">Sheet no. 6.</subfield>
    <subfield code="o">"See specifications".</subfield>
    <subfield code="o">"See also sheet no. 5".</subfield>
    <subfield code="o">"Important -- contractor to verify sizes of studding, shingle lath, and T. and G. boards, etc. with sizes as given on this sheet, before frames are made, and is responsible for them'.</subfield>
    <subfield code="o">Encapsulated in mylar.</subfield>
  </datafield>
  <datafield tag="789" ind1="0" ind2=" ">
    <subfield code="1">[50]</subfield>
    <subfield code="i">NYDA.1960.001.02329.</subfield>
    <subfield code="v">[AVERYimage].</subfield>
    <subfield code="t">F.S. details -- corner sash and doors, sill for door from gallery to terrace, special frames for front door ;</subfield>
    <subfield code="n">Sheet no. 7.</subfield>
    <subfield code="o">"See sheet no. 6 ... ".</subfield>
    <subfield code="o">Encapsulated in mylar.</subfield>
  </datafield>
  <datafield tag="789" ind1="0" ind2=" ">
    <subfield code="1">[51]</subfield>
    <subfield code="i">NYDA.1960.001.02330.</subfield>
    <subfield code="v">[AVERYimage].</subfield>
    <subfield code="t">Stair, mantel and pantry details -- F.S.D. of mantel shelves ; F.S. sect'n thru well board ; F.S. stair details ; revised detail of upper part of stairway (looking north) ; passage looking south (revised) ; passage looking west (revised detail) ; sect'n [and] north elev. [of pantry] ; F.S. of part of front elev. of shelf showing projection from corner ; living rm. fireplace -- half front elev., side elev. :</subfield>
    <subfield code="n">Sheet no. 8.</subfield>
  </datafield>
  <datafield tag="789" ind1="0" ind2=" ">
    <subfield code="1">[52]</subfield>
    <subfield code="i">NYDA.1960.001.02331.</subfield>
    <subfield code="v">[AVERYimage].</subfield>
    <subfield code="t">Detail of living room fireplace -- [elevation, section, plan] :</subfield>
    <subfield code="n">Sheet no. 9.</subfield>
    <subfield code="o">"Grade approximate".</subfield>
  </datafield>
  <datafield tag="789" ind1="0" ind2=" ">
    <subfield code="1">[53]</subfield>
    <subfield code="i">NYDA.1960.001.02332.</subfield>
    <subfield code="v">[AVERYimage].</subfield>
    <subfield code="t">Details of east terrace -- section A-A, section B-B, plan :</subfield>
    <subfield code="n">Sheet no. 10.</subfield>
    <subfield code="o">"Note -- figures in circles denote distances in inches below finished house floor".</subfield>
  </datafield>
  <datafield tag="789" ind1="0" ind2=" ">
    <subfield code="1">[54]</subfield>
    <subfield code="i">NYDA.1960.001.02333.</subfield>
    <subfield code="v">[AVERYimage].</subfield>
    <subfield code="t">Details of east terrace -- east elevation, section C-C, west elevation of steps, south elevation, north elevation :</subfield>
    <subfield code="n">Sheet no. 11.</subfield>
    <subfield code="o">"Note -- all footings to be 18" below natural grade.All steps to have wash of 1/4" in 1'-0" ".</subfield>
    <subfield code="o">"2 each".</subfield>
  </datafield>
  <datafield tag="900" ind1=" " ind2=" ">
    <subfield code="a">AUTH</subfield>
  </datafield>
</record>

</collection>